<?xml version = "1.0" encoding = "UTF-8"?><OAI-PMH xmlns="http://www.openarchives.org/OAI/2.0/" xmlns:xsi="http://www.w3.org/2001/XMLSchema-instance" xsi:schemaLocation="http://www.openarchives.org/OAI/2.0/ http://www.openarchives.org/OAI/2.0/OAI-PMH.xsd"><ListRecords><record><header><identifier>aleph-publish:005689720</identifier></header><metadata><record xmlns="http://www.ddb.de/professionell/mabxml/mabxml-1.xsd"><leader>00726vM2.01200024------h</leader><controlfield tag="LDR">00726vM2.01200024------h</controlfield><controlfield tag="FMT">MH</controlfield><datafield tag="001" ind1="-" ind2="1"><subfield code="a">HT003416456</subfield></datafield><datafield tag="002" ind1="a" ind2="1"><subfield code="a">19990601</subfield></datafield><datafield tag="003" ind1="-" ind2="1"><subfield code="a">20020426</subfield></datafield><controlfield tag="030">a|1uc||||||37</controlfield><datafield tag="036" ind1="a" ind2="1"><subfield code="a">DE</subfield></datafield><datafield tag="037" ind1="b" ind2="1"><subfield code="a">lat</subfield><subfield code="a">ger</subfield></datafield><controlfield tag="050">a|||||||||||||</controlfield><controlfield tag="051">t|||||||</controlfield><datafield tag="070" ind1="-" ind2="1"><subfield code="a">292</subfield></datafield><datafield tag="070" ind1="b" ind2="1"><subfield code="a">HBZ/Red</subfield></datafield><datafield tag="080" ind1="-" ind2="1"><subfield code="a">60</subfield></datafield><datafield tag="100" ind1="b" ind2="1"><subfield code="p">Bergmann, Werner</subfield><subfield code="9">(DE-588)101154097</subfield></datafield><datafield tag="104" ind1="b" ind2="1"><subfield code="p">Milz, Joseph</subfield><subfield code="d">1934-2013</subfield><subfield code="9">(DE-588)1041355319</subfield></datafield><datafield tag="200" ind1="b" ind2="1"><subfield code="g">Duisburg</subfield><subfield code="9">(DE-588)4013284-5</subfield></datafield><datafield tag="201" ind1="-" ind2="1"><subfield code="k">Duisburg</subfield><subfield code="b">Stadtverwaltung</subfield></datafield><datafield tag="201" ind1="-" ind2="1"><subfield code="k">Stadtverwaltung</subfield><subfield code="h">Duisburg</subfield></datafield><datafield tag="201" ind1="-" ind2="1"><subfield code="k">Duisburg</subfield><subfield code="b">Beauftragter für die Aufgaben des Oberstadtdirektors</subfield></datafield><datafield tag="201" ind1="-" ind2="1"><subfield code="k">Beauftragter für die Aufgaben des Oberstadtdirektors</subfield><subfield code="h">Duisburg</subfield></datafield><datafield tag="201" ind1="-" ind2="1"><subfield code="k">Duisburg</subfield><subfield code="b">Presse- und Informationsamt</subfield></datafield><datafield tag="201" ind1="-" ind2="1"><subfield code="k">Presse- und Informationsamt</subfield><subfield code="h">Duisburg</subfield></datafield><datafield tag="201" ind1="-" ind2="1"><subfield code="k">Duisburg</subfield><subfield code="b">Der Beauftragte für die Aufgaben des Oberstadtdirektors</subfield></datafield><datafield tag="201" ind1="-" ind2="1"><subfield code="k">&lt;&lt;Der&gt;&gt; Beauftragte für die Aufgaben des Oberstadtdirektors</subfield><subfield code="h">Duisburg</subfield></datafield><datafield tag="201" ind1="-" ind2="1"><subfield code="k">Duisburg</subfield><subfield code="b">Oberstadtdirektor</subfield></datafield><datafield tag="201" ind1="-" ind2="1"><subfield code="k">Oberstadtdirektor</subfield><subfield code="h">Duisburg</subfield></datafield><datafield tag="201" ind1="-" ind2="1"><subfield code="k">Duisburg</subfield><subfield code="b">Rat</subfield><subfield code="h">Duisburg</subfield></datafield><datafield tag="201" ind1="-" ind2="1"><subfield code="k">Rat</subfield><subfield code="h">Duisburg</subfield></datafield><datafield tag="201" ind1="-" ind2="1"><subfield code="k">Duisburg</subfield><subfield code="b">Presse- und Werbeamt</subfield></datafield><datafield tag="201" ind1="-" ind2="1"><subfield code="k">Presse- und Werbeamt</subfield><subfield code="h">Duisburg</subfield></datafield><datafield tag="201" ind1="-" ind2="1"><subfield code="k">Duisburg</subfield><subfield code="b">Oberbürgermeisterin</subfield></datafield><datafield tag="201" ind1="-" ind2="1"><subfield code="k">Oberbürgermeisterin</subfield><subfield code="h">Duisburg</subfield></datafield><datafield tag="201" ind1="-" ind2="1"><subfield code="k">Duisburg</subfield><subfield code="b">Zentralverwaltung für Personal und Organisation</subfield></datafield><datafield tag="201" ind1="-" ind2="1"><subfield code="k">Zentralverwaltung für Personal und Organisation</subfield><subfield code="h">Duisburg</subfield></datafield><datafield tag="201" ind1="-" ind2="1"><subfield code="k">Duisburg</subfield><subfield code="b">Hauptamt</subfield></datafield><datafield tag="201" ind1="-" ind2="1"><subfield code="g">Teutoburgus</subfield></datafield><datafield tag="201" ind1="-" ind2="1"><subfield code="g">Teutoburgus ad Rhenum</subfield></datafield><datafield tag="201" ind1="-" ind2="1"><subfield code="g">Duisburg am Rhein</subfield></datafield><datafield tag="201" ind1="-" ind2="1"><subfield code="g">Duisburg (Rhein)</subfield></datafield><datafield tag="201" ind1="-" ind2="1"><subfield code="g">Stadt Duisburg</subfield></datafield><datafield tag="201" ind1="-" ind2="1"><subfield code="g">Duisburgum</subfield></datafield><datafield tag="201" ind1="-" ind2="1"><subfield code="g">Duisburgum ad Rhenum</subfield></datafield><datafield tag="201" ind1="-" ind2="1"><subfield code="g">Duisburgum Clivorum</subfield></datafield><datafield tag="201" ind1="-" ind2="1"><subfield code="g">Dispargum</subfield></datafield><datafield tag="201" ind1="-" ind2="1"><subfield code="g">Disbargum</subfield></datafield><datafield tag="201" ind1="-" ind2="1"><subfield code="g">Dyspargum</subfield></datafield><datafield tag="201" ind1="-" ind2="1"><subfield code="g">Diusburgum</subfield></datafield><datafield tag="201" ind1="-" ind2="1"><subfield code="g">Duysburgum</subfield></datafield><datafield tag="201" ind1="-" ind2="1"><subfield code="g">Duicziburgum</subfield></datafield><datafield tag="201" ind1="-" ind2="1"><subfield code="g">Dysporum</subfield></datafield><datafield tag="201" ind1="-" ind2="1"><subfield code="g">Dystporum</subfield></datafield><datafield tag="201" ind1="-" ind2="1"><subfield code="g">Hespargum</subfield></datafield><datafield tag="201" ind1="-" ind2="1"><subfield code="g">Teutoburgum</subfield></datafield><datafield tag="201" ind1="-" ind2="1"><subfield code="g">Tuiscoburgum</subfield></datafield><datafield tag="331" ind1="-" ind2="1"><subfield code="a">Urkundenbuch der Stadt Duisburg</subfield></datafield><datafield tag="410" ind1="-" ind2="1"><subfield code="a">Düsseldorf</subfield></datafield><datafield tag="412" ind1="-" ind2="1"><subfield code="a">Droste</subfield></datafield><datafield tag="425" ind1="b" ind2="1"><subfield code="a">1989</subfield></datafield><datafield tag="451" ind1="-" ind2="1"><subfield code="a">Publikationen der Gesellschaft für Rheinische Geschichtskunde ; 67</subfield></datafield><datafield tag="453" ind1="-" ind2="1"><subfield code="a">HT001247079</subfield></datafield><datafield tag="455" ind1="-" ind2="1"><subfield code="a">67</subfield></datafield><datafield tag="456" ind1="-" ind2="1"><subfield code="a">67</subfield></datafield><datafield tag="523" ind1="-" ind2="1"><subfield code="p">Erschienen</subfield><subfield code="a">Bd. 1 - 2</subfield></datafield><datafield tag="902" ind1="-" ind2="1"><subfield code="g">Duisburg</subfield><subfield code="9">(DE-588)4013284-5</subfield></datafield><datafield tag="902" ind1="-" ind2="1"><subfield code="z">Geschichte</subfield></datafield><datafield tag="902" ind1="-" ind2="1"><subfield code="f">Quelle</subfield></datafield><datafield tag="907" ind1="-" ind2="1"><subfield code="g">Duisburg</subfield><subfield code="9">(DE-588)4013284-5</subfield></datafield><datafield tag="907" ind1="-" ind2="1"><subfield code="s">Urkunde</subfield><subfield code="9">(DE-588)4062132-7</subfield></datafield><datafield tag="907" ind1="-" ind2="1"><subfield code="z">Geschichte</subfield></datafield><datafield tag="907" ind1="-" ind2="1"><subfield code="f">Quelle</subfield></datafield><datafield tag="908" ind1="-" ind2="1"><subfield code="a">2134</subfield></datafield><controlfield tag="SYS">005689720</controlfield><datafield tag="LOW" ind1="-" ind2="1"><subfield code="a">A0001</subfield></datafield><datafield tag="LOW" ind1="-" ind2="1"><subfield code="a">B2001</subfield></datafield><datafield tag="LOW" ind1="-" ind2="1"><subfield code="a">C0001</subfield></datafield><datafield tag="LOW" ind1="-" ind2="1"><subfield code="a">K0001</subfield></datafield><datafield tag="LOW" ind1="-" ind2="1"><subfield code="a">L0001</subfield></datafield><datafield tag="LOW" ind1="-" ind2="1"><subfield code="a">M0001</subfield></datafield><datafield tag="LOW" ind1="-" ind2="1"><subfield code="a">M1077</subfield></datafield><datafield tag="LOW" ind1="-" ind2="1"><subfield code="a">M1129</subfield></datafield><datafield tag="LOW" ind1="-" ind2="1"><subfield code="a">Q0001</subfield></datafield><datafield tag="LOW" ind1="-" ind2="1"><subfield code="a">R0003</subfield></datafield><datafield tag="LOW" ind1="-" ind2="1"><subfield code="a">Q1064</subfield></datafield><datafield tag="LOW" ind1="-" ind2="1"><subfield code="a">J5005</subfield></datafield><datafield tag="952" ind1="-" ind2="1"><subfield code="k">Duisburg</subfield><subfield code="b">Stadtverwaltung</subfield></datafield><datafield tag="952" ind1="-" ind2="1"><subfield code="k">Stadtverwaltung</subfield><subfield code="h">Duisburg</subfield></datafield><datafield tag="952" ind1="-" ind2="1"><subfield code="k">Duisburg</subfield><subfield code="b">Beauftragter für die Aufgaben des Oberstadtdirektors</subfield></datafield><datafield tag="952" ind1="-" ind2="1"><subfield code="k">Beauftragter für die Aufgaben des Oberstadtdirektors</subfield><subfield code="h">Duisburg</subfield></datafield><datafield tag="952" ind1="-" ind2="1"><subfield code="k">Duisburg</subfield><subfield code="b">Presse- und Informationsamt</subfield></datafield><datafield tag="952" ind1="-" ind2="1"><subfield code="k">Presse- und Informationsamt</subfield><subfield code="h">Duisburg</subfield></datafield><datafield tag="952" ind1="-" ind2="1"><subfield code="k">Duisburg</subfield><subfield code="b">Der Beauftragte für die Aufgaben des Oberstadtdirektors</subfield></datafield><datafield tag="952" ind1="-" ind2="1"><subfield code="k">&lt;&lt;Der&gt;&gt; Beauftragte für die Aufgaben des Oberstadtdirektors</subfield><subfield code="h">Duisburg</subfield></datafield><datafield tag="952" ind1="-" ind2="1"><subfield code="k">Duisburg</subfield><subfield code="b">Oberstadtdirektor</subfield></datafield><datafield tag="952" ind1="-" ind2="1"><subfield code="k">Oberstadtdirektor</subfield><subfield code="h">Duisburg</subfield></datafield><datafield tag="952" ind1="-" ind2="1"><subfield code="k">Duisburg</subfield><subfield code="b">Rat</subfield><subfield code="h">Duisburg</subfield></datafield><datafield tag="952" ind1="-" ind2="1"><subfield code="k">Rat</subfield><subfield code="h">Duisburg</subfield></datafield><datafield tag="952" ind1="-" ind2="1"><subfield code="k">Duisburg</subfield><subfield code="b">Presse- und Werbeamt</subfield></datafield><datafield tag="952" ind1="-" ind2="1"><subfield code="k">Presse- und Werbeamt</subfield><subfield code="h">Duisburg</subfield></datafield><datafield tag="952" ind1="-" ind2="1"><subfield code="k">Duisburg</subfield><subfield code="b">Oberbürgermeisterin</subfield></datafield><datafield tag="952" ind1="-" ind2="1"><subfield code="k">Oberbürgermeisterin</subfield><subfield code="h">Duisburg</subfield></datafield><datafield tag="952" ind1="-" ind2="1"><subfield code="k">Duisburg</subfield><subfield code="b">Zentralverwaltung für Personal und Organisation</subfield></datafield><datafield tag="952" ind1="-" ind2="1"><subfield code="k">Zentralverwaltung für Personal und Organisation</subfield><subfield code="h">Duisburg</subfield></datafield><datafield tag="952" ind1="-" ind2="1"><subfield code="k">Duisburg</subfield><subfield code="b">Hauptamt</subfield></datafield><datafield tag="952" ind1="-" ind2="1"><subfield code="g">Teutoburgus</subfield></datafield><datafield tag="952" ind1="-" ind2="1"><subfield code="g">Teutoburgus ad Rhenum</subfield></datafield><datafield tag="952" ind1="-" ind2="1"><subfield code="g">Duisburg am Rhein</subfield></datafield><datafield tag="952" ind1="-" ind2="1"><subfield code="g">Duisburg (Rhein)</subfield></datafield><datafield tag="952" ind1="-" ind2="1"><subfield code="g">Stadt Duisburg</subfield></datafield><datafield tag="952" ind1="-" ind2="1"><subfield code="g">Duisburgum</subfield></datafield><datafield tag="952" ind1="-" ind2="1"><subfield code="g">Duisburgum ad Rhenum</subfield></datafield><datafield tag="952" ind1="-" ind2="1"><subfield code="g">Duisburgum Clivorum</subfield></datafield><datafield tag="952" ind1="-" ind2="1"><subfield code="g">Dispargum</subfield></datafield><datafield tag="952" ind1="-" ind2="1"><subfield code="g">Disbargum</subfield></datafield><datafield tag="952" ind1="-" ind2="1"><subfield code="g">Dyspargum</subfield></datafield><datafield tag="952" ind1="-" ind2="1"><subfield code="g">Diusburgum</subfield></datafield><datafield tag="952" ind1="-" ind2="1"><subfield code="g">Duysburgum</subfield></datafield><datafield tag="952" ind1="-" ind2="1"><subfield code="g">Duicziburgum</subfield></datafield><datafield tag="952" ind1="-" ind2="1"><subfield code="g">Dysporum</subfield></datafield><datafield tag="952" ind1="-" ind2="1"><subfield code="g">Dystporum</subfield></datafield><datafield tag="952" ind1="-" ind2="1"><subfield code="g">Hespargum</subfield></datafield><datafield tag="952" ind1="-" ind2="1"><subfield code="g">Teutoburgum</subfield></datafield><datafield tag="952" ind1="-" ind2="1"><subfield code="g">Tuiscoburgum</subfield></datafield><datafield tag="957" ind1="-" ind2="1"><subfield code="k">Duisburg</subfield><subfield code="b">Stadtverwaltung</subfield></datafield><datafield tag="957" ind1="-" ind2="1"><subfield code="k">Stadtverwaltung</subfield><subfield code="h">Duisburg</subfield></datafield><datafield tag="957" ind1="-" ind2="1"><subfield code="k">Duisburg</subfield><subfield code="b">Beauftragter für die Aufgaben des Oberstadtdirektors</subfield></datafield><datafield tag="957" ind1="-" ind2="1"><subfield code="k">Beauftragter für die Aufgaben des Oberstadtdirektors</subfield><subfield code="h">Duisburg</subfield></datafield><datafield tag="957" ind1="-" ind2="1"><subfield code="k">Duisburg</subfield><subfield code="b">Presse- und Informationsamt</subfield></datafield><datafield tag="957" ind1="-" ind2="1"><subfield code="k">Presse- und Informationsamt</subfield><subfield code="h">Duisburg</subfield></datafield><datafield tag="957" ind1="-" ind2="1"><subfield code="k">Duisburg</subfield><subfield code="b">Der Beauftragte für die Aufgaben des Oberstadtdirektors</subfield></datafield><datafield tag="957" ind1="-" ind2="1"><subfield code="k">&lt;&lt;Der&gt;&gt; Beauftragte für die Aufgaben des Oberstadtdirektors</subfield><subfield code="h">Duisburg</subfield></datafield><datafield tag="957" ind1="-" ind2="1"><subfield code="k">Duisburg</subfield><subfield code="b">Oberstadtdirektor</subfield></datafield><datafield tag="957" ind1="-" ind2="1"><subfield code="k">Oberstadtdirektor</subfield><subfield code="h">Duisburg</subfield></datafield><datafield tag="957" ind1="-" ind2="1"><subfield code="k">Duisburg</subfield><subfield code="b">Rat</subfield><subfield code="h">Duisburg</subfield></datafield><datafield tag="957" ind1="-" ind2="1"><subfield code="k">Rat</subfield><subfield code="h">Duisburg</subfield></datafield><datafield tag="957" ind1="-" ind2="1"><subfield code="k">Duisburg</subfield><subfield code="b">Presse- und Werbeamt</subfield></datafield><datafield tag="957" ind1="-" ind2="1"><subfield code="k">Presse- und Werbeamt</subfield><subfield code="h">Duisburg</subfield></datafield><datafield tag="957" ind1="-" ind2="1"><subfield code="k">Duisburg</subfield><subfield code="b">Oberbürgermeisterin</subfield></datafield><datafield tag="957" ind1="-" ind2="1"><subfield code="k">Oberbürgermeisterin</subfield><subfield code="h">Duisburg</subfield></datafield><datafield tag="957" ind1="-" ind2="1"><subfield code="k">Duisburg</subfield><subfield code="b">Zentralverwaltung für Personal und Organisation</subfield></datafield><datafield tag="957" ind1="-" ind2="1"><subfield code="k">Zentralverwaltung für Personal und Organisation</subfield><subfield code="h">Duisburg</subfield></datafield><datafield tag="957" ind1="-" ind2="1"><subfield code="k">Duisburg</subfield><subfield code="b">Hauptamt</subfield></datafield><datafield tag="957" ind1="-" ind2="1"><subfield code="g">Teutoburgus</subfield></datafield><datafield tag="957" ind1="-" ind2="1"><subfield code="g">Teutoburgus ad Rhenum</subfield></datafield><datafield tag="957" ind1="-" ind2="1"><subfield code="g">Duisburg am Rhein</subfield></datafield><datafield tag="957" ind1="-" ind2="1"><subfield code="g">Duisburg (Rhein)</subfield></datafield><datafield tag="957" ind1="-" ind2="1"><subfield code="g">Stadt Duisburg</subfield></datafield><datafield tag="957" ind1="-" ind2="1"><subfield code="g">Duisburgum</subfield></datafield><datafield tag="957" ind1="-" ind2="1"><subfield code="g">Duisburgum ad Rhenum</subfield></datafield><datafield tag="957" ind1="-" ind2="1"><subfield code="g">Duisburgum Clivorum</subfield></datafield><datafield tag="957" ind1="-" ind2="1"><subfield code="g">Dispargum</subfield></datafield><datafield tag="957" ind1="-" ind2="1"><subfield code="g">Disbargum</subfield></datafield><datafield tag="957" ind1="-" ind2="1"><subfield code="g">Dyspargum</subfield></datafield><datafield tag="957" ind1="-" ind2="1"><subfield code="g">Diusburgum</subfield></datafield><datafield tag="957" ind1="-" ind2="1"><subfield code="g">Duysburgum</subfield></datafield><datafield tag="957" ind1="-" ind2="1"><subfield code="g">Duicziburgum</subfield></datafield><datafield tag="957" ind1="-" ind2="1"><subfield code="g">Dysporum</subfield></datafield><datafield tag="957" ind1="-" ind2="1"><subfield code="g">Dystporum</subfield></datafield><datafield tag="957" ind1="-" ind2="1"><subfield code="g">Hespargum</subfield></datafield><datafield tag="957" ind1="-" ind2="1"><subfield code="g">Teutoburgum</subfield></datafield><datafield tag="957" ind1="-" ind2="1"><subfield code="g">Tuiscoburgum</subfield></datafield><datafield tag="957" ind1="-" ind2="1"><subfield code="s">Akten</subfield><subfield code="h">Formschlagwort</subfield></datafield><datafield tag="957" ind1="-" ind2="1"><subfield code="s">Urkunden</subfield></datafield><datafield tag="957" ind1="-" ind2="1"><subfield code="s">Urkundenwesen</subfield></datafield><datafield tag="088" ind1=" " ind2=" "><subfield code="a">294/11</subfield><subfield code="b">00011000</subfield><subfield code="c">Ld 198.4.6/1</subfield><subfield code="e">keine ILL</subfield></datafield><datafield tag="088" ind1=" " ind2=" "><subfield code="a">Sol 1</subfield><subfield code="c">MA 112/67</subfield><subfield code="e">keine ILL</subfield></datafield><datafield tag="088" ind1=" " ind2=" "><subfield code="a">Sie 5</subfield><subfield code="b">00002001</subfield><subfield code="c">82 = 9406</subfield><subfield code="e">keine ILL</subfield></datafield><datafield tag="088" ind1=" " ind2=" "><subfield code="a">Tr 2</subfield><subfield code="b">M</subfield><subfield code="c">FB 4703</subfield><subfield code="e">Überordnung</subfield></datafield><datafield tag="088" ind1=" " ind2=" "><subfield code="a">385</subfield><subfield code="b">30</subfield><subfield code="c">KA.D/w70757</subfield><subfield code="e">Keine Angabe</subfield></datafield><datafield tag="088" ind1=" " ind2=" "><subfield code="a">61</subfield><subfield code="b">02</subfield><subfield code="c">hisf480.d875</subfield><subfield code="e">Keine Angabe</subfield></datafield><datafield tag="088" ind1=" " ind2=" "><subfield code="a">466</subfield><subfield code="b">31</subfield><subfield code="c">LUHD1398-...</subfield><subfield code="e">Normalausleihe</subfield></datafield><datafield tag="088" ind1=" " ind2=" "><subfield code="a">Kob 7</subfield><subfield code="b">MAGKO</subfield><subfield code="c">GE 2723</subfield><subfield code="e">91</subfield></datafield><datafield tag="088" ind1=" " ind2=" "><subfield code="a">121</subfield><subfield code="c">Einzelsignatur</subfield><subfield code="e">12</subfield></datafield><datafield tag="088" ind1=" " ind2=" "><subfield code="a">Kn 28</subfield><subfield code="b">RETRO</subfield><subfield code="c">Retro</subfield><subfield code="e">Normalausleihe</subfield></datafield><datafield tag="088" ind1=" " ind2=" "><subfield code="a">38</subfield></datafield><datafield tag="088" ind1=" " ind2=" "><subfield code="a">361</subfield></datafield><datafield tag="088" ind1=" " ind2=" "><subfield code="a">464</subfield><subfield code="c">LTDB1381_d &lt;&lt;Grundsignatur&gt;&gt;</subfield></datafield><datafield tag="088" ind1=" " ind2=" "><subfield code="a">465</subfield><subfield code="c">LUHD1330 &lt;&lt;Grundsignatur&gt;&gt;</subfield></datafield><datafield tag="088" ind1=" " ind2=" "><subfield code="a">467</subfield></datafield><datafield tag="088" ind1=" " ind2=" "><subfield code="a">468</subfield></datafield><datafield tag="088" ind1=" " ind2=" "><subfield code="a">5</subfield></datafield><datafield tag="088" ind1=" " ind2=" "><subfield code="a">51</subfield></datafield><datafield tag="088" ind1=" " ind2=" "><subfield code="a">6</subfield></datafield><datafield tag="088" ind1=" " ind2=" "><subfield code="a">708</subfield></datafield><datafield tag="088" ind1=" " ind2=" "><subfield code="a">82</subfield></datafield><datafield tag="088" ind1=" " ind2=" "><subfield code="a">107</subfield></datafield><datafield tag="088" ind1=" " ind2=" "><subfield code="a">6/248</subfield></datafield><datafield tag="088" ind1=" " ind2=" "><subfield code="a">6/169</subfield></datafield><datafield tag="088" ind1=" " ind2=" "><subfield code="a">5/20</subfield></datafield></record></metadata></record></ListRecords></OAI-PMH>